<urn:Document xmlns:urn="urn:iso:std:iso:20022:tech:xsd:pain.001.001.03">
    <urn:CstmrCdtTrfInitn>
        <urn:GrpHdr>
            <urn:MsgId>string</urn:MsgId>
            <urn:CreDtTm>2008-09-29T02:49:45</urn:CreDtTm>
            <urn:Authstn>
                <urn:Cd>FDET</urn:Cd>
            </urn:Authstn>
            <urn:NbOfTxs>0</urn:NbOfTxs>
            <urn:CtrlSum>1000.00000000000000000</urn:CtrlSum>
            <urn:InitgPty>
                <urn:Nm>string</urn:Nm>

                <urn:PstlAdr>

                    <urn:AdrTp>HOME</urn:AdrTp>

                    <urn:Dept>string</urn:Dept>

                    <urn:SubDept>string</urn:SubDept>

                    <urn:StrtNm>string</urn:StrtNm>

                    <urn:BldgNb>string</urn:BldgNb>

                    <urn:PstCd>string</urn:PstCd>

                    <urn:TwnNm>string</urn:TwnNm>

                    <urn:CtrySubDvsn>string</urn:CtrySubDvsn>

                    <urn:Ctry>AA</urn:Ctry>
                    <urn:AdrLine>string</urn:AdrLine>
                </urn:PstlAdr>

                <urn:Id>

                    <urn:OrgId>

                        <urn:BICOrBEI>HBUKGB4B</urn:BICOrBEI>
                        <urn:Othr>
                            <urn:Id>string</urn:Id>

                            <urn:SchmeNm>

                                <urn:Cd>stri</urn:Cd>

                            </urn:SchmeNm>

                            <urn:Issr>string</urn:Issr>
                        </urn:Othr>
                    </urn:OrgId>
                </urn:Id>

                <urn:CtryOfRes>UK</urn:CtryOfRes>

                <urn:CtctDtls>

                    <urn:NmPrfx>MADM</urn:NmPrfx>

                    <urn:Nm>string</urn:Nm>

                    <urn:PhneNb>+44-1234567890</urn:PhneNb>

                    <urn:MobNb>+44-1234567890</urn:MobNb>

                    <urn:FaxNb>+44-1234567890</urn:FaxNb>

                    <urn:EmailAdr>string</urn:EmailAdr>

                    <urn:Othr>string</urn:Othr>
                </urn:CtctDtls>
            </urn:InitgPty>

            <urn:FwdgAgt>
                <urn:FinInstnId>

                    <urn:BIC>HBUKGB4B</urn:BIC>

                    <urn:ClrSysMmbId>

                        <urn:ClrSysId>

                            <urn:Cd>strin</urn:Cd>

                        </urn:ClrSysId>
                        <urn:MmbId>string</urn:MmbId>
                    </urn:ClrSysMmbId>

                    <urn:Nm>string</urn:Nm>

                    <urn:PstlAdr>

                        <urn:AdrTp>MLTO</urn:AdrTp>

                        <urn:Dept>string</urn:Dept>

                        <urn:SubDept>string</urn:SubDept>

                        <urn:StrtNm>string</urn:StrtNm>

                        <urn:BldgNb>string</urn:BldgNb>

                        <urn:PstCd>string</urn:PstCd>

                        <urn:TwnNm>string</urn:TwnNm>

                        <urn:CtrySubDvsn>string</urn:CtrySubDvsn>

                        <urn:Ctry>UK</urn:Ctry>
                        <urn:AdrLine>string</urn:AdrLine>
                    </urn:PstlAdr>

                    <urn:Othr>
                        <urn:Id>string</urn:Id>

                        <urn:SchmeNm>

                            <urn:Cd>stri</urn:Cd>

                        </urn:SchmeNm>

                        <urn:Issr>string</urn:Issr>
                    </urn:Othr>
                </urn:FinInstnId>

                <urn:BrnchId>

                    <urn:Id>string</urn:Id>

                    <urn:Nm>string</urn:Nm>

                    <urn:PstlAdr>

                        <urn:AdrTp>PBOX</urn:AdrTp>

                        <urn:Dept>string</urn:Dept>

                        <urn:SubDept>string</urn:SubDept>

                        <urn:StrtNm>string</urn:StrtNm>

                        <urn:BldgNb>string</urn:BldgNb>

                        <urn:PstCd>string</urn:PstCd>

                        <urn:TwnNm>string</urn:TwnNm>

                        <urn:CtrySubDvsn>string</urn:CtrySubDvsn>

                        <urn:Ctry>UK</urn:Ctry>
                        <urn:AdrLine>string</urn:AdrLine>
                    </urn:PstlAdr>
                </urn:BrnchId>
            </urn:FwdgAgt>
        </urn:GrpHdr>
        <urn:PmtInf>
            <urn:PmtInfId>string</urn:PmtInfId>
            <urn:PmtMtd>TRF</urn:PmtMtd>

            <urn:BtchBookg>false</urn:BtchBookg>

            <urn:NbOfTxs>0</urn:NbOfTxs>

            <urn:CtrlSum>1000.00000000000000000</urn:CtrlSum>

            <urn:PmtTpInf>

                <urn:InstrPrty>HIGH</urn:InstrPrty>

                <urn:SvcLvl>
                    <urn:Cd>stri</urn:Cd>

                </urn:SvcLvl>

                <urn:LclInstrm>
                    <urn:Cd>string</urn:Cd>
                </urn:LclInstrm>
                <urn:CtgyPurp>
                    <urn:Cd>stri</urn:Cd>
                </urn:CtgyPurp>
            </urn:PmtTpInf>
            <urn:ReqdExctnDt>2013-12-21+00:00</urn:ReqdExctnDt>

            <urn:PoolgAdjstmntDt>2016-01-01</urn:PoolgAdjstmntDt>
            <urn:Dbtr>

                <urn:Nm>string</urn:Nm>

                <urn:PstlAdr>

                    <urn:AdrTp>HOME</urn:AdrTp>

                    <urn:Dept>string</urn:Dept>

                    <urn:SubDept>string</urn:SubDept>

                    <urn:StrtNm>string</urn:StrtNm>

                    <urn:BldgNb>string</urn:BldgNb>

                    <urn:PstCd>string</urn:PstCd>

                    <urn:TwnNm>string</urn:TwnNm>

                    <urn:CtrySubDvsn>string</urn:CtrySubDvsn>

                    <urn:Ctry>UK</urn:Ctry>
                    <urn:AdrLine>string</urn:AdrLine>
                </urn:PstlAdr>

                <urn:Id>
                    <urn:OrgId>

                        <urn:BICOrBEI>HBUKGB4B</urn:BICOrBEI>
                        <urn:Othr>
                            <urn:Id>string</urn:Id>

                            <urn:SchmeNm>
                                <urn:Cd>stri</urn:Cd>

                            </urn:SchmeNm>

                            <urn:Issr>string</urn:Issr>
                        </urn:Othr>
                    </urn:OrgId>
                </urn:Id>

                <urn:CtryOfRes>UK</urn:CtryOfRes>

                <urn:CtctDtls>

                    <urn:NmPrfx>MIST</urn:NmPrfx>

                    <urn:Nm>string</urn:Nm>

                    <urn:PhneNb>+44-1234567890</urn:PhneNb>

                    <urn:MobNb>+44-1234567890</urn:MobNb>

                    <urn:FaxNb>+44-1234567890</urn:FaxNb>

                    <urn:EmailAdr>string</urn:EmailAdr>

                    <urn:Othr>string</urn:Othr>
                </urn:CtctDtls>
            </urn:Dbtr>
            <urn:DbtrAcct>
                <urn:Id>
                    <urn:IBAN>UK1234567890</urn:IBAN>
                </urn:Id>

                <urn:Tp>
                    <urn:Cd>TRAS</urn:Cd>

                </urn:Tp>

                <urn:Ccy>GBP</urn:Ccy>

                <urn:Nm>string</urn:Nm>
            </urn:DbtrAcct>
            <urn:DbtrAgt>
                <urn:FinInstnId>

                    <urn:BIC>HBUKGB4B</urn:BIC>

                    <urn:ClrSysMmbId>

                        <urn:ClrSysId>

                            <urn:Cd>strin</urn:Cd>

                        </urn:ClrSysId>
                        <urn:MmbId>string</urn:MmbId>
                    </urn:ClrSysMmbId>

                    <urn:Nm>string</urn:Nm>

                    <urn:PstlAdr>

                        <urn:AdrTp>MLTO</urn:AdrTp>

                        <urn:Dept>string</urn:Dept>

                        <urn:SubDept>string</urn:SubDept>

                        <urn:StrtNm>string</urn:StrtNm>

                        <urn:BldgNb>string</urn:BldgNb>

                        <urn:PstCd>string</urn:PstCd>

                        <urn:TwnNm>string</urn:TwnNm>

                        <urn:CtrySubDvsn>string</urn:CtrySubDvsn>

                        <urn:Ctry>UK</urn:Ctry>
                        <urn:AdrLine>string</urn:AdrLine>
                    </urn:PstlAdr>

                    <urn:Othr>
                        <urn:Id>string</urn:Id>

                        <urn:SchmeNm>

                            <urn:Prtry>string</urn:Prtry>
                        </urn:SchmeNm>

                        <urn:Issr>string</urn:Issr>
                    </urn:Othr>
                </urn:FinInstnId>

                <urn:BrnchId>

                    <urn:Id>string</urn:Id>

                    <urn:Nm>string</urn:Nm>

                    <urn:PstlAdr>

                        <urn:AdrTp>DLVY</urn:AdrTp>

                        <urn:Dept>string</urn:Dept>

                        <urn:SubDept>string</urn:SubDept>

                        <urn:StrtNm>string</urn:StrtNm>

                        <urn:BldgNb>string</urn:BldgNb>

                        <urn:PstCd>string</urn:PstCd>

                        <urn:TwnNm>string</urn:TwnNm>

                        <urn:CtrySubDvsn>string</urn:CtrySubDvsn>

                        <urn:Ctry>UK</urn:Ctry>
                        <urn:AdrLine>string</urn:AdrLine>
                    </urn:PstlAdr>
                </urn:BrnchId>
            </urn:DbtrAgt>

            <urn:DbtrAgtAcct>
                <urn:Id>

                    <urn:IBAN>UK1234567890</urn:IBAN>
                </urn:Id>

                <urn:Tp>

                    <urn:Cd>CHAR</urn:Cd>

                </urn:Tp>

                <urn:Ccy>GBP</urn:Ccy>

                <urn:Nm>string</urn:Nm>
            </urn:DbtrAgtAcct>

            <urn:UltmtDbtr>

                <urn:Nm>string</urn:Nm>

                <urn:PstlAdr>

                    <urn:AdrTp>HOME</urn:AdrTp>

                    <urn:Dept>string</urn:Dept>

                    <urn:SubDept>string</urn:SubDept>

                    <urn:StrtNm>string</urn:StrtNm>

                    <urn:BldgNb>string</urn:BldgNb>

                    <urn:PstCd>string</urn:PstCd>

                    <urn:TwnNm>string</urn:TwnNm>

                    <urn:CtrySubDvsn>string</urn:CtrySubDvsn>

                    <urn:Ctry>UK</urn:Ctry>
                    <urn:AdrLine>string</urn:AdrLine>
                </urn:PstlAdr>

                <urn:Id>

                    <urn:OrgId>

                        <urn:BICOrBEI>HBUKGB4B</urn:BICOrBEI>
                        <urn:Othr>
                            <urn:Id>string</urn:Id>

                            <urn:SchmeNm>

                                <urn:Cd>stri</urn:Cd>

                            </urn:SchmeNm>

                            <urn:Issr>string</urn:Issr>
                        </urn:Othr>
                    </urn:OrgId>
                </urn:Id>

                <urn:CtryOfRes>UK</urn:CtryOfRes>

                <urn:CtctDtls>

                    <urn:NmPrfx>DOCT</urn:NmPrfx>

                    <urn:Nm>string</urn:Nm>

                    <urn:PhneNb>+44-1234567890</urn:PhneNb>

                    <urn:MobNb>+44-1234567890</urn:MobNb>

                    <urn:FaxNb>+44-1234567890</urn:FaxNb>

                    <urn:EmailAdr>string</urn:EmailAdr>

                    <urn:Othr>string</urn:Othr>
                </urn:CtctDtls>
            </urn:UltmtDbtr>

            <urn:ChrgBr>DEBT</urn:ChrgBr>

            <urn:ChrgsAcct>
                <urn:Id>
                    <urn:IBAN>UK1234567890</urn:IBAN>
                </urn:Id>

                <urn:Tp>
                    <urn:Cd>MOMA</urn:Cd>

                </urn:Tp>

                <urn:Ccy>GBP</urn:Ccy>

                <urn:Nm>string</urn:Nm>
            </urn:ChrgsAcct>

            <urn:ChrgsAcctAgt>
                <urn:FinInstnId>

                    <urn:BIC>HBUKGB4B</urn:BIC>

                    <urn:ClrSysMmbId>

                        <urn:ClrSysId>

                            <urn:Cd>strin</urn:Cd>

                        </urn:ClrSysId>
                        <urn:MmbId>string</urn:MmbId>
                    </urn:ClrSysMmbId>

                    <urn:Nm>string</urn:Nm>

                    <urn:PstlAdr>

                        <urn:AdrTp>BIZZ</urn:AdrTp>

                        <urn:Dept>string</urn:Dept>

                        <urn:SubDept>string</urn:SubDept>

                        <urn:StrtNm>string</urn:StrtNm>

                        <urn:BldgNb>string</urn:BldgNb>

                        <urn:PstCd>string</urn:PstCd>

                        <urn:TwnNm>string</urn:TwnNm>

                        <urn:CtrySubDvsn>string</urn:CtrySubDvsn>

                        <urn:Ctry>UK</urn:Ctry>
                        <urn:AdrLine>string</urn:AdrLine>
                    </urn:PstlAdr>

                    <urn:Othr>
                        <urn:Id>string</urn:Id>

                        <urn:SchmeNm>
                            <urn:Cd>stri</urn:Cd>
                        </urn:SchmeNm>
                        <urn:Issr>string</urn:Issr>
                    </urn:Othr>
                </urn:FinInstnId>
                <urn:BrnchId>
                    <urn:Id>string</urn:Id>
                    <urn:Nm>string</urn:Nm>
                    <urn:PstlAdr>
                        <urn:AdrTp>ADDR</urn:AdrTp>
                        <urn:Dept>string</urn:Dept>
                        <urn:SubDept>string</urn:SubDept>
                        <urn:StrtNm>string</urn:StrtNm>
                        <urn:BldgNb>string</urn:BldgNb>
                        <urn:PstCd>string</urn:PstCd>
                        <urn:TwnNm>string</urn:TwnNm>
                        <urn:CtrySubDvsn>string</urn:CtrySubDvsn>
                        <urn:Ctry>UK</urn:Ctry>
                        <urn:AdrLine>string</urn:AdrLine>
                    </urn:PstlAdr>
                </urn:BrnchId>
            </urn:ChrgsAcctAgt>
            <urn:CdtTrfTxInf>
                <urn:PmtId>
                    <urn:InstrId>string</urn:InstrId>
                    <urn:EndToEndId>string</urn:EndToEndId>
                </urn:PmtId>
                <urn:PmtTpInf>

                    <urn:InstrPrty>HIGH</urn:InstrPrty>

                    <urn:SvcLvl>

                        <urn:Cd>stri</urn:Cd>

                    </urn:SvcLvl>

                    <urn:LclInstrm>

                        <urn:Cd>string</urn:Cd>

                    </urn:LclInstrm>

                    <urn:CtgyPurp>

                        <urn:Cd>stri</urn:Cd>

                    </urn:CtgyPurp>
                </urn:PmtTpInf>
                <urn:Amt>

                    <urn:InstdAmt Ccy="GBP">1000.00000000000000</urn:InstdAmt>
                </urn:Amt>

                <urn:XchgRateInf>

                    <urn:XchgRate>1000.0000000000</urn:XchgRate>

                    <urn:RateTp>AGRD</urn:RateTp>

                    <urn:CtrctId>string</urn:CtrctId>
                </urn:XchgRateInf>

                <urn:ChrgBr>SHAR</urn:ChrgBr>

                <urn:ChqInstr>

                    <urn:ChqTp>CCHQ</urn:ChqTp>

                    <urn:ChqNb>string</urn:ChqNb>

                    <urn:ChqFr>
                        <urn:Nm>string</urn:Nm>
                        <urn:Adr>

                            <urn:AdrTp>PBOX</urn:AdrTp>

                            <urn:Dept>string</urn:Dept>

                            <urn:SubDept>string</urn:SubDept>

                            <urn:StrtNm>string</urn:StrtNm>

                            <urn:BldgNb>string</urn:BldgNb>

                            <urn:PstCd>string</urn:PstCd>

                            <urn:TwnNm>string</urn:TwnNm>

                            <urn:CtrySubDvsn>string</urn:CtrySubDvsn>

                            <urn:Ctry>UK</urn:Ctry>
                            <urn:AdrLine>string</urn:AdrLine>
                        </urn:Adr>
                    </urn:ChqFr>

                    <urn:DlvryMtd>

                        <urn:Cd>RGDB</urn:Cd>
                    </urn:DlvryMtd>

                    <urn:DlvrTo>
                        <urn:Nm>string</urn:Nm>
                        <urn:Adr>

                            <urn:AdrTp>BIZZ</urn:AdrTp>

                            <urn:Dept>string</urn:Dept>

                            <urn:SubDept>string</urn:SubDept>

                            <urn:StrtNm>string</urn:StrtNm>

                            <urn:BldgNb>string</urn:BldgNb>

                            <urn:PstCd>string</urn:PstCd>

                            <urn:TwnNm>string</urn:TwnNm>

                            <urn:CtrySubDvsn>string</urn:CtrySubDvsn>

                            <urn:Ctry>UK</urn:Ctry>
                            <urn:AdrLine>string</urn:AdrLine>
                        </urn:Adr>
                    </urn:DlvrTo>

                    <urn:InstrPrty>NORM</urn:InstrPrty>

                    <urn:ChqMtrtyDt>2008-08-06+01:00</urn:ChqMtrtyDt>

                    <urn:FrmsCd>string</urn:FrmsCd>
                    <urn:MemoFld>string</urn:MemoFld>

                    <urn:RgnlClrZone>string</urn:RgnlClrZone>

                    <urn:PrtLctn>string</urn:PrtLctn>
                </urn:ChqInstr>

                <urn:UltmtDbtr>

                    <urn:Nm>string</urn:Nm>

                    <urn:PstlAdr>

                        <urn:AdrTp>DLVY</urn:AdrTp>

                        <urn:Dept>string</urn:Dept>

                        <urn:SubDept>string</urn:SubDept>

                        <urn:StrtNm>string</urn:StrtNm>

                        <urn:BldgNb>string</urn:BldgNb>

                        <urn:PstCd>string</urn:PstCd>

                        <urn:TwnNm>string</urn:TwnNm>

                        <urn:CtrySubDvsn>string</urn:CtrySubDvsn>

                        <urn:Ctry>UK</urn:Ctry>
                        <urn:AdrLine>string</urn:AdrLine>
                    </urn:PstlAdr>

                    <urn:Id>

                        <urn:OrgId>

                            <urn:BICOrBEI>HBUKGB4B</urn:BICOrBEI>
                            <urn:Othr>
                                <urn:Id>string</urn:Id>

                                <urn:SchmeNm>

                                    <urn:Cd>stri</urn:Cd>

                                </urn:SchmeNm>

                                <urn:Issr>string</urn:Issr>
                            </urn:Othr>
                        </urn:OrgId>

                    </urn:Id>

                    <urn:CtryOfRes>UK</urn:CtryOfRes>

                    <urn:CtctDtls>

                        <urn:NmPrfx>DOCT</urn:NmPrfx>

                        <urn:Nm>string</urn:Nm>

                        <urn:PhneNb>+44-1234567890</urn:PhneNb>

                        <urn:MobNb>+44-1234567890</urn:MobNb>

                        <urn:FaxNb>+44-1234567890</urn:FaxNb>

                        <urn:EmailAdr>string</urn:EmailAdr>

                        <urn:Othr>string</urn:Othr>
                    </urn:CtctDtls>
                </urn:UltmtDbtr>

                <urn:IntrmyAgt1>
                    <urn:FinInstnId>

                        <urn:BIC>HBUKGB4B</urn:BIC>

                        <urn:ClrSysMmbId>

                            <urn:ClrSysId>

                                <urn:Cd>strin</urn:Cd>

                            </urn:ClrSysId>
                            <urn:MmbId>string</urn:MmbId>
                        </urn:ClrSysMmbId>

                        <urn:Nm>string</urn:Nm>

                        <urn:PstlAdr>

                            <urn:AdrTp>ADDR</urn:AdrTp>

                            <urn:Dept>string</urn:Dept>

                            <urn:SubDept>string</urn:SubDept>

                            <urn:StrtNm>string</urn:StrtNm>

                            <urn:BldgNb>string</urn:BldgNb>

                            <urn:PstCd>string</urn:PstCd>

                            <urn:TwnNm>string</urn:TwnNm>

                            <urn:CtrySubDvsn>string</urn:CtrySubDvsn>

                            <urn:Ctry>UK</urn:Ctry>
                            <urn:AdrLine>string</urn:AdrLine>
                        </urn:PstlAdr>

                        <urn:Othr>
                            <urn:Id>string</urn:Id>

                            <urn:SchmeNm>

                                <urn:Cd>stri</urn:Cd>

                            </urn:SchmeNm>

                            <urn:Issr>string</urn:Issr>
                        </urn:Othr>
                    </urn:FinInstnId>

                    <urn:BrnchId>

                        <urn:Id>string</urn:Id>

                        <urn:Nm>string</urn:Nm>

                        <urn:PstlAdr>

                            <urn:AdrTp>PBOX</urn:AdrTp>

                            <urn:Dept>string</urn:Dept>

                            <urn:SubDept>string</urn:SubDept>

                            <urn:StrtNm>string</urn:StrtNm>

                            <urn:BldgNb>string</urn:BldgNb>

                            <urn:PstCd>string</urn:PstCd>

                            <urn:TwnNm>string</urn:TwnNm>

                            <urn:CtrySubDvsn>string</urn:CtrySubDvsn>

                            <urn:Ctry>UK</urn:Ctry>
                            <urn:AdrLine>string</urn:AdrLine>
                        </urn:PstlAdr>
                    </urn:BrnchId>
                </urn:IntrmyAgt1>

                <urn:IntrmyAgt1Acct>
                    <urn:Id>

                        <urn:IBAN>UK1234567890</urn:IBAN>

                    </urn:Id>

                    <urn:Tp>

                        <urn:Cd>ONDP</urn:Cd>

                    </urn:Tp>

                    <urn:Ccy>GBP</urn:Ccy>

                    <urn:Nm>string</urn:Nm>
                </urn:IntrmyAgt1Acct>

                <urn:IntrmyAgt2>
                    <urn:FinInstnId>

                        <urn:BIC>HBUKGB4B</urn:BIC>

                        <urn:ClrSysMmbId>

                            <urn:ClrSysId>

                                <urn:Cd>strin</urn:Cd>

                            </urn:ClrSysId>
                            <urn:MmbId>string</urn:MmbId>
                        </urn:ClrSysMmbId>

                        <urn:Nm>string</urn:Nm>

                        <urn:PstlAdr>

                            <urn:AdrTp>PBOX</urn:AdrTp>

                            <urn:Dept>string</urn:Dept>

                            <urn:SubDept>string</urn:SubDept>

                            <urn:StrtNm>string</urn:StrtNm>

                            <urn:BldgNb>string</urn:BldgNb>

                            <urn:PstCd>string</urn:PstCd>

                            <urn:TwnNm>string</urn:TwnNm>

                            <urn:CtrySubDvsn>string</urn:CtrySubDvsn>

                            <urn:Ctry>UK</urn:Ctry>
                            <urn:AdrLine>string</urn:AdrLine>
                        </urn:PstlAdr>

                        <urn:Othr>
                            <urn:Id>string</urn:Id>

                            <urn:SchmeNm>

                                <urn:Cd>stri</urn:Cd>

                            </urn:SchmeNm>

                            <urn:Issr>string</urn:Issr>
                        </urn:Othr>
                    </urn:FinInstnId>

                    <urn:BrnchId>

                        <urn:Id>string</urn:Id>

                        <urn:Nm>string</urn:Nm>

                        <urn:PstlAdr>

                            <urn:AdrTp>HOME</urn:AdrTp>

                            <urn:Dept>string</urn:Dept>

                            <urn:SubDept>string</urn:SubDept>

                            <urn:StrtNm>string</urn:StrtNm>

                            <urn:BldgNb>string</urn:BldgNb>

                            <urn:PstCd>string</urn:PstCd>

                            <urn:TwnNm>string</urn:TwnNm>

                            <urn:CtrySubDvsn>string</urn:CtrySubDvsn>

                            <urn:Ctry>UK</urn:Ctry>
                            <urn:AdrLine>string</urn:AdrLine>
                        </urn:PstlAdr>
                    </urn:BrnchId>
                </urn:IntrmyAgt2>

                <urn:IntrmyAgt2Acct>
                    <urn:Id>

                        <urn:IBAN>UK1234567890</urn:IBAN>
                    </urn:Id>

                    <urn:Tp>

                        <urn:Cd>CISH</urn:Cd>

                    </urn:Tp>

                    <urn:Ccy>GBP</urn:Ccy>

                    <urn:Nm>string</urn:Nm>
                </urn:IntrmyAgt2Acct>

                <urn:IntrmyAgt3>
                    <urn:FinInstnId>

                        <urn:BIC>HBUKGB4B</urn:BIC>

                        <urn:ClrSysMmbId>

                            <urn:ClrSysId>

                                <urn:Cd>strin</urn:Cd>

                            </urn:ClrSysId>
                            <urn:MmbId>string</urn:MmbId>
                        </urn:ClrSysMmbId>

                        <urn:Nm>string</urn:Nm>

                        <urn:PstlAdr>

                            <urn:AdrTp>ADDR</urn:AdrTp>

                            <urn:Dept>string</urn:Dept>

                            <urn:SubDept>string</urn:SubDept>

                            <urn:StrtNm>string</urn:StrtNm>

                            <urn:BldgNb>string</urn:BldgNb>

                            <urn:PstCd>string</urn:PstCd>

                            <urn:TwnNm>string</urn:TwnNm>

                            <urn:CtrySubDvsn>string</urn:CtrySubDvsn>

                            <urn:Ctry>UK</urn:Ctry>
                            <urn:AdrLine>string</urn:AdrLine>
                        </urn:PstlAdr>

                        <urn:Othr>
                            <urn:Id>string</urn:Id>

                            <urn:SchmeNm>

                                <urn:Cd>stri</urn:Cd>

                            </urn:SchmeNm>

                            <urn:Issr>string</urn:Issr>
                        </urn:Othr>
                    </urn:FinInstnId>

                    <urn:BrnchId>

                        <urn:Id>string</urn:Id>

                        <urn:Nm>string</urn:Nm>

                        <urn:PstlAdr>

                            <urn:AdrTp>PBOX</urn:AdrTp>

                            <urn:Dept>string</urn:Dept>

                            <urn:SubDept>string</urn:SubDept>

                            <urn:StrtNm>string</urn:StrtNm>

                            <urn:BldgNb>string</urn:BldgNb>

                            <urn:PstCd>string</urn:PstCd>

                            <urn:TwnNm>string</urn:TwnNm>

                            <urn:CtrySubDvsn>string</urn:CtrySubDvsn>

                            <urn:Ctry>UK</urn:Ctry>
                            <urn:AdrLine>string</urn:AdrLine>
                        </urn:PstlAdr>
                    </urn:BrnchId>
                </urn:IntrmyAgt3>

                <urn:IntrmyAgt3Acct>
                    <urn:Id>

                        <urn:IBAN>UK1234567890</urn:IBAN>
                    </urn:Id>

                    <urn:Tp>

                        <urn:Cd>COMM</urn:Cd>

                    </urn:Tp>

                    <urn:Ccy>GBP</urn:Ccy>

                    <urn:Nm>string</urn:Nm>
                </urn:IntrmyAgt3Acct>

                <urn:CdtrAgt>
                    <urn:FinInstnId>

                        <urn:BIC>HBUKGB4B</urn:BIC>

                        <urn:ClrSysMmbId>

                            <urn:ClrSysId>

                                <urn:Cd>strin</urn:Cd>

                            </urn:ClrSysId>
                            <urn:MmbId>string</urn:MmbId>
                        </urn:ClrSysMmbId>

                        <urn:Nm>string</urn:Nm>

                        <urn:PstlAdr>

                            <urn:AdrTp>BIZZ</urn:AdrTp>

                            <urn:Dept>string</urn:Dept>

                            <urn:SubDept>string</urn:SubDept>

                            <urn:StrtNm>string</urn:StrtNm>

                            <urn:BldgNb>string</urn:BldgNb>

                            <urn:PstCd>string</urn:PstCd>

                            <urn:TwnNm>string</urn:TwnNm>

                            <urn:CtrySubDvsn>string</urn:CtrySubDvsn>

                            <urn:Ctry>UK</urn:Ctry>
                            <urn:AdrLine>string</urn:AdrLine>
                        </urn:PstlAdr>

                        <urn:Othr>
                            <urn:Id>string</urn:Id>

                            <urn:SchmeNm>

                                <urn:Cd>stri</urn:Cd>

                            </urn:SchmeNm>

                            <urn:Issr>string</urn:Issr>
                        </urn:Othr>
                    </urn:FinInstnId>

                    <urn:BrnchId>

                        <urn:Id>string</urn:Id>

                        <urn:Nm>string</urn:Nm>

                        <urn:PstlAdr>

                            <urn:AdrTp>MLTO</urn:AdrTp>

                            <urn:Dept>string</urn:Dept>

                            <urn:SubDept>string</urn:SubDept>

                            <urn:StrtNm>string</urn:StrtNm>

                            <urn:BldgNb>string</urn:BldgNb>

                            <urn:PstCd>string</urn:PstCd>

                            <urn:TwnNm>string</urn:TwnNm>

                            <urn:CtrySubDvsn>string</urn:CtrySubDvsn>

                            <urn:Ctry>UK</urn:Ctry>
                            <urn:AdrLine>string</urn:AdrLine>
                        </urn:PstlAdr>
                    </urn:BrnchId>
                </urn:CdtrAgt>

                <urn:CdtrAgtAcct>
                    <urn:Id>

                        <urn:IBAN>UK1234567890</urn:IBAN>
                    </urn:Id>

                    <urn:Tp>

                        <urn:Cd>MGLD</urn:Cd>

                    </urn:Tp>

                    <urn:Ccy>GBP</urn:Ccy>

                    <urn:Nm>string</urn:Nm>
                </urn:CdtrAgtAcct>

                <urn:Cdtr>

                    <urn:Nm>string</urn:Nm>

                    <urn:PstlAdr>

                        <urn:AdrTp>HOME</urn:AdrTp>

                        <urn:Dept>string</urn:Dept>

                        <urn:SubDept>string</urn:SubDept>

                        <urn:StrtNm>string</urn:StrtNm>

                        <urn:BldgNb>string</urn:BldgNb>

                        <urn:PstCd>string</urn:PstCd>

                        <urn:TwnNm>string</urn:TwnNm>

                        <urn:CtrySubDvsn>string</urn:CtrySubDvsn>

                        <urn:Ctry>UK</urn:Ctry>
                        <urn:AdrLine>string</urn:AdrLine>
                    </urn:PstlAdr>

                    <urn:Id>

                        <urn:OrgId>

                            <urn:BICOrBEI>HBUKGB4B</urn:BICOrBEI>
                            <urn:Othr>
                                <urn:Id>string</urn:Id>

                                <urn:SchmeNm>

                                    <urn:Cd>stri</urn:Cd>

                                </urn:SchmeNm>

                                <urn:Issr>string</urn:Issr>
                            </urn:Othr>
                        </urn:OrgId>
                    </urn:Id>

                    <urn:CtryOfRes>UK</urn:CtryOfRes>

                    <urn:CtctDtls>

                        <urn:NmPrfx>MISS</urn:NmPrfx>

                        <urn:Nm>string</urn:Nm>

                        <urn:PhneNb>+44-1234567890</urn:PhneNb>

                        <urn:MobNb>+44-1234567890</urn:MobNb>

                        <urn:FaxNb>+44-1234567890</urn:FaxNb>

                        <urn:EmailAdr>string</urn:EmailAdr>

                        <urn:Othr>string</urn:Othr>
                    </urn:CtctDtls>
                </urn:Cdtr>

                <urn:CdtrAcct>
                    <urn:Id>

                        <urn:IBAN>UK1234567890</urn:IBAN>
                    </urn:Id>

                    <urn:Tp>

                        <urn:Cd>COMM</urn:Cd>

                    </urn:Tp>

                    <urn:Ccy>GBP</urn:Ccy>

                    <urn:Nm>string</urn:Nm>
                </urn:CdtrAcct>

                <urn:UltmtCdtr>

                    <urn:Nm>string</urn:Nm>

                    <urn:PstlAdr>

                        <urn:AdrTp>PBOX</urn:AdrTp>

                        <urn:Dept>string</urn:Dept>

                        <urn:SubDept>string</urn:SubDept>

                        <urn:StrtNm>string</urn:StrtNm>

                        <urn:BldgNb>string</urn:BldgNb>

                        <urn:PstCd>string</urn:PstCd>

                        <urn:TwnNm>string</urn:TwnNm>

                        <urn:CtrySubDvsn>string</urn:CtrySubDvsn>

                        <urn:Ctry>UK</urn:Ctry>
                        <urn:AdrLine>string</urn:AdrLine>
                    </urn:PstlAdr>

                    <urn:Id>

                        <urn:OrgId>

                            <urn:BICOrBEI>HBUKGB4B</urn:BICOrBEI>
                            <urn:Othr>
                                <urn:Id>string</urn:Id>

                                <urn:SchmeNm>

                                    <urn:Cd>stri</urn:Cd>

                                </urn:SchmeNm>

                                <urn:Issr>string</urn:Issr>
                            </urn:Othr>
                        </urn:OrgId>
                    </urn:Id>

                    <urn:CtryOfRes>UK</urn:CtryOfRes>

                    <urn:CtctDtls>

                        <urn:NmPrfx>MIST</urn:NmPrfx>

                        <urn:Nm>string</urn:Nm>

                        <urn:PhneNb>+90-1234567890</urn:PhneNb>

                        <urn:MobNb>+44-1234567890</urn:MobNb>

                        <urn:FaxNb>+44-1234567890</urn:FaxNb>

                        <urn:EmailAdr>string</urn:EmailAdr>

                        <urn:Othr>string</urn:Othr>
                    </urn:CtctDtls>
                </urn:UltmtCdtr>
                <urn:InstrForCdtrAgt>

                    <urn:Cd>TELB</urn:Cd>

                    <urn:InstrInf>string</urn:InstrInf>
                </urn:InstrForCdtrAgt>

                <urn:InstrForDbtrAgt>string</urn:InstrForDbtrAgt>

                <urn:Purp>

                    <urn:Cd>stri</urn:Cd>

                </urn:Purp>
                <urn:RgltryRptg>

                    <urn:DbtCdtRptgInd>CRED</urn:DbtCdtRptgInd>

                    <urn:Authrty>

                        <urn:Nm>string</urn:Nm>

                        <urn:Ctry>UK</urn:Ctry>
                    </urn:Authrty>
                    <urn:Dtls>

                        <urn:Tp>string</urn:Tp>

                        <urn:Dt>2008-08-28+01:00</urn:Dt>

                        <urn:Ctry>UK</urn:Ctry>

                        <urn:Cd>string</urn:Cd>

                        <urn:Amt Ccy="GBP">1000.00000000000000</urn:Amt>
                        <urn:Inf>string</urn:Inf>
                    </urn:Dtls>
                </urn:RgltryRptg>

                <urn:Tax>

                    <urn:Cdtr>

                        <urn:TaxId>string</urn:TaxId>

                        <urn:RegnId>string</urn:RegnId>

                        <urn:TaxTp>string</urn:TaxTp>
                    </urn:Cdtr>

                    <urn:Dbtr>

                        <urn:TaxId>string</urn:TaxId>

                        <urn:RegnId>string</urn:RegnId>

                        <urn:TaxTp>string</urn:TaxTp>

                        <urn:Authstn>

                            <urn:Titl>string</urn:Titl>

                            <urn:Nm>string</urn:Nm>
                        </urn:Authstn>
                    </urn:Dbtr>

                    <urn:AdmstnZn>string</urn:AdmstnZn>

                    <urn:RefNb>string</urn:RefNb>

                    <urn:Mtd>string</urn:Mtd>

                    <urn:TtlTaxblBaseAmt Ccy="GBP">1000.00000000000000</urn:TtlTaxblBaseAmt>

                    <urn:TtlTaxAmt Ccy="GBP">1000.00000000000000</urn:TtlTaxAmt>

                    <urn:Dt>2008-11-07+00:00</urn:Dt>

                    <urn:SeqNb>1000</urn:SeqNb>
                    <urn:Rcrd>

                        <urn:Tp>string</urn:Tp>

                        <urn:Ctgy>string</urn:Ctgy>

                        <urn:CtgyDtls>string</urn:CtgyDtls>

                        <urn:DbtrSts>string</urn:DbtrSts>

                        <urn:CertId>string</urn:CertId>

                        <urn:FrmsCd>string</urn:FrmsCd>

                        <urn:Prd>

                            <urn:Yr>2019-05-04</urn:Yr>

                            <urn:Tp>QTR2</urn:Tp>

                            <urn:FrToDt>
                                <urn:FrDt>2017-08-26</urn:FrDt>
                                <urn:ToDt>2000-02-21+00:00</urn:ToDt>
                            </urn:FrToDt>
                        </urn:Prd>

                        <urn:TaxAmt>

                            <urn:Rate>1000.0000000000</urn:Rate>

                            <urn:TaxblBaseAmt Ccy="GBP">1000.00000000000000</urn:TaxblBaseAmt>

                            <urn:TtlAmt Ccy="GBP">1000.00000000000000</urn:TtlAmt>
                            <urn:Dtls>

                                <urn:Prd>

                                    <urn:Yr>2001-11-25+00:00</urn:Yr>

                                    <urn:Tp>MM09</urn:Tp>

                                    <urn:FrToDt>
                                        <urn:FrDt>2014-01-10</urn:FrDt>
                                        <urn:ToDt>2015-07-10</urn:ToDt>
                                    </urn:FrToDt>
                                </urn:Prd>
                                <urn:Amt Ccy="GBP">1000.00000000000000</urn:Amt>
                            </urn:Dtls>
                        </urn:TaxAmt>

                        <urn:AddtlInf>string</urn:AddtlInf>
                    </urn:Rcrd>
                </urn:Tax>
                <urn:RltdRmtInf>

                    <urn:RmtId>string</urn:RmtId>

                    <urn:RmtLctnMtd>FAXI</urn:RmtLctnMtd>

                    <urn:RmtLctnElctrncAdr>string</urn:RmtLctnElctrncAdr>

                    <urn:RmtLctnPstlAdr>
                        <urn:Nm>string</urn:Nm>
                        <urn:Adr>

                            <urn:AdrTp>ADDR</urn:AdrTp>

                            <urn:Dept>string</urn:Dept>

                            <urn:SubDept>string</urn:SubDept>

                            <urn:StrtNm>string</urn:StrtNm>

                            <urn:BldgNb>string</urn:BldgNb>

                            <urn:PstCd>string</urn:PstCd>

                            <urn:TwnNm>string</urn:TwnNm>

                            <urn:CtrySubDvsn>string</urn:CtrySubDvsn>

                            <urn:Ctry>UK</urn:Ctry>
                            <urn:AdrLine>string</urn:AdrLine>
                        </urn:Adr>
                    </urn:RmtLctnPstlAdr>
                </urn:RltdRmtInf>

                <urn:RmtInf>
                    <urn:Ustrd>string</urn:Ustrd>
                    <urn:Strd>
                        <urn:RfrdDocInf>

                            <urn:Tp>
                                <urn:CdOrPrtry>

                                    <urn:Cd>CINV</urn:Cd>

                                </urn:CdOrPrtry>

                                <urn:Issr>string</urn:Issr>
                            </urn:Tp>

                            <urn:Nb>string</urn:Nb>

                            <urn:RltdDt>2007-04-22+01:00</urn:RltdDt>
                        </urn:RfrdDocInf>

                        <urn:RfrdDocAmt>

                            <urn:DuePyblAmt Ccy="GBP">1000.00000000000000</urn:DuePyblAmt>

                            <urn:DscntApldAmt Ccy="GBP">1000.00000000000000</urn:DscntApldAmt>

                            <urn:CdtNoteAmt Ccy="GBP">1000.00000000000000</urn:CdtNoteAmt>

                            <urn:TaxAmt Ccy="GBP">1000.00000000000000</urn:TaxAmt>
                            <urn:AdjstmntAmtAndRsn>
                                <urn:Amt Ccy="GBP">1000.00000000000000</urn:Amt>

                                <urn:CdtDbtInd>DBIT</urn:CdtDbtInd>

                                <urn:Rsn>stri</urn:Rsn>

                                <urn:AddtlInf>string</urn:AddtlInf>
                            </urn:AdjstmntAmtAndRsn>

                            <urn:RmtdAmt Ccy="GBP">1000.00000000000000</urn:RmtdAmt>
                        </urn:RfrdDocAmt>

                        <urn:CdtrRefInf>

                            <urn:Tp>
                                <urn:CdOrPrtry>

                                    <urn:Cd>SCOR</urn:Cd>

                                </urn:CdOrPrtry>

                                <urn:Issr>string</urn:Issr>
                            </urn:Tp>

                            <urn:Ref>string</urn:Ref>
                        </urn:CdtrRefInf>

                        <urn:Invcr>

                            <urn:Nm>string</urn:Nm>

                            <urn:PstlAdr>

                                <urn:AdrTp>DLVY</urn:AdrTp>

                                <urn:Dept>string</urn:Dept>

                                <urn:SubDept>string</urn:SubDept>

                                <urn:StrtNm>string</urn:StrtNm>

                                <urn:BldgNb>string</urn:BldgNb>

                                <urn:PstCd>string</urn:PstCd>

                                <urn:TwnNm>string</urn:TwnNm>

                                <urn:CtrySubDvsn>string</urn:CtrySubDvsn>

                                <urn:Ctry>UK</urn:Ctry>
                                <urn:AdrLine>string</urn:AdrLine>
                            </urn:PstlAdr>

                            <urn:Id>

                                <urn:OrgId>

                                    <urn:BICOrBEI>HBUKGB4B</urn:BICOrBEI>
                                    <urn:Othr>
                                        <urn:Id>string</urn:Id>

                                        <urn:SchmeNm>

                                            <urn:Cd>stri</urn:Cd>

                                        </urn:SchmeNm>

                                        <urn:Issr>string</urn:Issr>
                                    </urn:Othr>
                                </urn:OrgId>
                            </urn:Id>

                            <urn:CtryOfRes>UK</urn:CtryOfRes>

                            <urn:CtctDtls>

                                <urn:NmPrfx>MIST</urn:NmPrfx>

                                <urn:Nm>string</urn:Nm>

                                <urn:PhneNb>+44-1234567890</urn:PhneNb>

                                <urn:MobNb>+44-1234567890</urn:MobNb>

                                <urn:FaxNb>+44-1234567890</urn:FaxNb>

                                <urn:EmailAdr>string</urn:EmailAdr>

                                <urn:Othr>string</urn:Othr>
                            </urn:CtctDtls>
                        </urn:Invcr>

                        <urn:Invcee>

                            <urn:Nm>string</urn:Nm>

                            <urn:PstlAdr>

                                <urn:AdrTp>MLTO</urn:AdrTp>

                                <urn:Dept>string</urn:Dept>

                                <urn:SubDept>string</urn:SubDept>

                                <urn:StrtNm>string</urn:StrtNm>

                                <urn:BldgNb>string</urn:BldgNb>

                                <urn:PstCd>string</urn:PstCd>

                                <urn:TwnNm>string</urn:TwnNm>

                                <urn:CtrySubDvsn>string</urn:CtrySubDvsn>

                                <urn:Ctry>UK</urn:Ctry>
                                <urn:AdrLine>string</urn:AdrLine>
                            </urn:PstlAdr>

                            <urn:Id>

                                <urn:OrgId>

                                    <urn:BICOrBEI>HBUKGB4B</urn:BICOrBEI>
                                    <urn:Othr>
                                        <urn:Id>string</urn:Id>

                                        <urn:SchmeNm>

                                            <urn:Cd>stri</urn:Cd>

                                        </urn:SchmeNm>

                                        <urn:Issr>string</urn:Issr>
                                    </urn:Othr>
                                </urn:OrgId>
                            </urn:Id>

                            <urn:CtryOfRes>UK</urn:CtryOfRes>

                            <urn:CtctDtls>

                                <urn:NmPrfx>MIST</urn:NmPrfx>

                                <urn:Nm>string</urn:Nm>

                                <urn:PhneNb>+44-1234567890</urn:PhneNb>

                                <urn:MobNb>+44-1234567890</urn:MobNb>

                                <urn:FaxNb>+44-1234567890</urn:FaxNb>

                                <urn:EmailAdr>string</urn:EmailAdr>

                                <urn:Othr>string</urn:Othr>
                            </urn:CtctDtls>
                        </urn:Invcee>
                        <urn:AddtlRmtInf>string</urn:AddtlRmtInf>
                    </urn:Strd>
                </urn:RmtInf>
            </urn:CdtTrfTxInf>
        </urn:PmtInf>
    </urn:CstmrCdtTrfInitn>
</urn:Document>